<record><leader>00000cas a22000007a 4500</leader><controlfield tag="001">17666819</controlfield><controlfield tag="008">880323u19uuuuuunyuwr ne      0    0eng d</controlfield><datafield ind1=" " ind2=" " tag="010"><subfield code="a">sn 88074150 </subfield></datafield><datafield ind1=" " ind2=" " tag="040"><subfield code="a">NYS</subfield><subfield code="b">eng</subfield><subfield code="c">NYS</subfield><subfield code="d">OCLCQ</subfield></datafield><datafield ind1=" " ind2=" " tag="042"><subfield code="a">msc</subfield></datafield><datafield ind1="0" ind2="0" tag="245"><subfield code="a">Lyndonville enterprise.</subfield></datafield><datafield ind1=" " ind2=" " tag="260"><subfield code="a">Lyndonville, N.Y. :</subfield><subfield code="b">C.R. Burnette</subfield></datafield><datafield ind1=" " ind2=" " tag="300"><subfield code="a">v.</subfield></datafield><datafield ind1=" " ind2=" " tag="310"><subfield code="a">Weekly</subfield></datafield><datafield ind1=" " ind2=" " tag="500"><subfield code="a">C.R. Burnette, &lt;1908&gt;; Mrs. C.R. Burnette, &lt;1923&gt;; Susan S. Burnette, &lt;1932&gt;-1943; Robert Quigley, 1943-&lt;1948&gt;.</subfield></datafield><datafield ind1=" " ind2=" " tag="515"><subfield code="a">Issues for May 21-28, 1908 combined as no. 38-39 due to fire.</subfield></datafield><datafield ind1=" " ind2=" " tag="588"><subfield code="a">Description based on: Vol. 1, no. 38-39 (May 21/28, 1908).</subfield></datafield><datafield ind1=" " ind2="4" tag="651"><subfield code="a">Lyndonville (N.Y.)</subfield><subfield code="v">Newspapers.</subfield></datafield><datafield ind1=" " ind2=" " tag="752"><subfield code="a">United States</subfield><subfield code="b">New York</subfield><subfield code="c">Orleans</subfield><subfield code="d">Lyndonville.</subfield></datafield><datafield ind1="1" ind2=" " tag="029"><subfield code="a">AU@</subfield><subfield code="b">000025830912</subfield></datafield></record>